% http://tug.ctan.org/tex-archive/biblio/bibtex/contrib/IEEEtran/IEEEexample.bib

% Books
@book{book:tanenbaum,
	AUTHOR = {Tanenbaum, Andrew S. and van Steen, Maarten},
	YEAR = {2008},
	TITLE = {Verteilte Systeme: Prinzipien und Paradgimen},
	ISBN = {978-3-8273-7293-2},
	PUBLISHER = {Pearson Studium}
}

% Articles
@article{art:ieee,
  author  = {Keng Siau and Hong Sheng and Fiona Fui-Hoon Nah}, 
  title   = {Use of a classroom response system to enhance classroom interactivity},
  journal = {IEEE Transactions on Education},
  year    = 2006,
  pages   = {398-403},
  month   = 8,
  volume  = 4,
  howpublished = {\url{https://ieeexplore.ieee.org/abstract/document/1668284}}
}

@article{art:web1to4,
  author  = {Choudhury Nupur}, 
  title   = {{World Wide Web and Its Journey from Web 1.0 to Web 4.0}},
  journal = {International Journal of Computer Science and Information Technologies},
  year    = 2014,
  volume  = 5
}


% Papers

@mastersthesis{sturesy,
    author = {Posdorfer, Wolf Dietmar},
    type = "Bachelorarbeit",
    year = {2012},
    month = {12},
    school = {Universität Hamburg},
    title = {{Prototyp einer Freien Software für interaktive Vorlesungen mit Echtzeitabstimmungen}}
}

@misc{paper:doppio,
    author = {Vilk, John and Berger, Emery D.},
    year = {2014},
    school = {University of Massachusetts, Amherst},
    title = {{Doppio: Breaking the Browser Language Barrier}},
    howpublished = {\url{https://plasma-umass.org/doppio-demo/paper.pdf}}
}

@misc{paper:wisconsin_clicker,
    author={Kaleta, Robert and Joosten, Tanya},
    title={{Clickers in the Classroom: Analyses from the University of Wisconsin System Project}},
    year={2006},
    month={10},
    howpublished = {\url{https://www.educause.edu/ir/library/pdf/EDU06283.pdf}},
}

@misc{paper:harvard_tenyears,
    author={Crouch, Catherine H. and Mazur, Eric},
    title={{Peer Instruction: Ten years of experience and results}},
    year={2000},
    month={04},
    howpublished = {\url{http://wayback.archive-it.org/all/20121206172800/http://www4.uwm.edu/ltc/srs/faculty/docs/Mazur_Harvard_SRS2.pdf}},
}


% Web articles
@misc{web:react,
    title={{Offizielle React-Webseite}},
    howpublished = {\url{https://reactjs.org/}},
    note = {zuletzt besucht am 09.04.2019},
}

@misc{web:peerjs,
    title={{Offizielle PeerJS-Webseite}},
    howpublished = {\url{https://peerjs.com/}},
    note = {zuletzt besucht am 29.04.2019},
}

@misc{web:redux,
    title={{Offizielle Redux-Webseite}},
    howpublished = {\url{https://redux.js.org/}},
    note = {zuletzt besucht am 09.04.2019},
}

@misc{web:github_weclare,
    title={{GitHub-Repository für Weclare}},
    howpublished = {\url{https://github.com/pReya/weclare}},
    note = {zuletzt besucht am 24.04.2019},
}

@misc{web:github_weclare_license,
    title={{GPL-3.0-Lizenz für Weclare}},
    howpublished = {\url{https://github.com/pReya/weclare/blob/master/LICENSE}},
    note = {zuletzt besucht am 24.04.2019},
}

@misc{web:github_converter,
    title={{GitHub-Repository für Weclare-Sturesy-Converter}},
    howpublished = {\url{https://github.com/pReya/weclare-sturesy-converter}},
    note = {zuletzt besucht am 24.04.2019},
}

@misc{web:stackoverflow_umfrage,
    title={{Stack Overflow Entwickler-Umfrage 2019}},
    howpublished = {\url{https://insights.stackoverflow.com/survey/2019\#technology-_-most-loved-dreaded-and-wanted-web-frameworks}},
    note = {zuletzt besucht am 29.04.2019},
}

@misc{web:flux_doku,
    title={{Offizielle Dokumentation des Flux-Entwurfsmusters}},
    howpublished = {\url{https://facebook.github.io/flux/docs/in-depth-overview.html}},
    note = {zuletzt besucht am 29.04.2019},
}

@misc{web:webrtc,
    title={{Offizielle WebRTC-Webseite}},
    howpublished = {\url{https://webrtc.org/}},
    note = {zuletzt besucht am 29.04.2019},
}

@misc{web:redux_thunk,
    title={{Offizielle redux-thunk-Webseite}},
    howpublished = {\url{https://github.com/reduxjs/redux-thunk}},
    note = {zuletzt besucht am 29.04.2019},
}

@misc{web:quill,
    title={{Offizielle Webseite des Quill-Editors}},
    howpublished = {\url{https://quilljs.com/}},
    note = {zuletzt besucht am 29.04.2019},
}

@misc{web:react_quill,
    title={{Offizielle Webseite der react-quill-Bibliothek}},
    howpublished = {\url{https://github.com/zenoamaro/react-quill}},
    note = {zuletzt besucht am 29.04.2019},
}

@misc{web:react_codemirror2,
    title={{Offizielle Webseite der react-codemirror2-Bibliothek}},
    howpublished = {\url{https://github.com/scniro/react-codemirror2}},
    note = {zuletzt besucht am 29.04.2019},
}

@misc{web:codemirror,
    title={{Offizielle Webseite des CodeMirror-Editors}},
    howpublished = {\url{https://codemirror.net/}},
    note = {zuletzt besucht am 29.04.2019},
}

@misc{web:elanwiki,
    title={{E-Assessment-Wiki des ELAN e.V.}},
    howpublished = {\url{https://ep.elan-ev.de/wiki/Audience_Response}},
    note = {zuletzt besucht am 07.05.2019},
}

@misc{web:pingo_zukunft,
    title={{Blogpost: PINGOs Zukunft ist gesichert – Verstetigung von PINGO}},
    howpublished = {\url{https://blogs.uni-paderborn.de/pingo/pingos-zukunft-ist-gesichert-uebergabe-von-pingo/}},
    note = {zuletzt besucht am 07.05.2019},
}

@misc{web:pingo_team,
    title={{Team-Seite von Pingo}},
    howpublished = {\url{http://trypingo.com/en/team/}},
    note = {zuletzt besucht am 07.05.2019},
}

@misc{web:pingo_coactum,
    title={{Blogpost: Umzug von PINGO zu coactum}},
    howpublished = {\url{https://blogs.uni-paderborn.de/pingo/umzug-von-pingo-zu-coactum/}},
    note = {zuletzt besucht am 07.05.2019},
}

@misc{web:pingo_github,
    title={{GitHub-Repository: Pingo}},
    howpublished = {\url{https://github.com/PingoUPB/PINGOWebApp/}},
    note = {zuletzt besucht am 07.05.2019},
}

@misc{web:sturesy_client_github,
    title={{GitHub-Repository: StuReSy Client}},
    howpublished = {\url{https://github.com/sturesy/client}},
    note = {zuletzt besucht am 07.05.2019},
}

@misc{web:sturesy_server_github,
    title={{GitHub-Repository: StuReSy Server}},
    howpublished = {\url{https://github.com/sturesy/server}},
    note = {zuletzt besucht am 07.05.2019},
}




